<record><leader>00000cas a22000007a 4500</leader><controlfield tag="001">9617090</controlfield><controlfield tag="008">830617d18451846nyudn ne      0    0eng d</controlfield><datafield ind1=" " ind2=" " tag="010"><subfield code="a">sn 83030584 </subfield></datafield><datafield ind1=" " ind2=" " tag="040"><subfield code="a">NPU</subfield><subfield code="b">eng</subfield><subfield code="c">NPU</subfield><subfield code="d">DLC</subfield><subfield code="d">NPX</subfield><subfield code="d">DLC</subfield><subfield code="d">RHN</subfield><subfield code="d">OCLCQ</subfield></datafield><datafield ind1=" " ind2=" " tag="042"><subfield code="a">msc</subfield></datafield><datafield ind1="0" ind2="0" tag="050"><subfield code="a">Newspaper 8967</subfield></datafield><datafield ind1="0" ind2=" " tag="130"><subfield code="a">Daily globe (New York, N.Y. : 1845)</subfield></datafield><datafield ind1="1" ind2="4" tag="245"><subfield code="a">The daily globe.</subfield></datafield><datafield ind1=" " ind2=" " tag="260"><subfield code="a">New York [N.Y.] :</subfield><subfield code="b">Casper C. Childs,</subfield><subfield code="c">-1846.</subfield></datafield><datafield ind1=" " ind2=" " tag="300"><subfield code="a">v. :</subfield><subfield code="b">ill. (chiefly advertisements) ;</subfield><subfield code="c">58 cm.</subfield></datafield><datafield ind1=" " ind2=" " tag="310"><subfield code="a">Daily (except Sun.)</subfield></datafield><datafield ind1="0" ind2=" " tag="362"><subfield code="a">-v. 3, no. 93 (Dec. 31, 1846) = whole no. 423.</subfield></datafield><datafield ind1=" " ind2=" " tag="500"><subfield code="a">"Democratic."</subfield></datafield><datafield ind1=" " ind2=" " tag="500"><subfield code="a">Editor: Levi D. Slamm.</subfield></datafield><datafield ind1=" " ind2=" " tag="588"><subfield code="a">Description based on: Vol. 1, no. 37 (Oct. 27, 1845).</subfield></datafield><datafield ind1="1" ind2=" " tag="700"><subfield code="a">Childs, Casper C.</subfield></datafield><datafield ind1="1" ind2=" " tag="700"><subfield code="a">Slamm, Levi D.</subfield></datafield><datafield ind1=" " ind2=" " tag="752"><subfield code="a">United States</subfield><subfield code="b">New York</subfield><subfield code="c">New York</subfield><subfield code="d">New York.</subfield></datafield><datafield ind1="0" ind2=" " tag="775"><subfield code="t">New-York weekly globe</subfield><subfield code="w">(DLC)sn 83030133</subfield></datafield><datafield ind1="0" ind2="0" tag="785"><subfield code="t">New-York daily globe</subfield><subfield code="w">(DLC)sn 83030585</subfield></datafield></record>